@article{lloyd2020using,
  title={Using neural networks for fast numerical integration and optimization},
  author={Lloyd, Steffan and Irani, Rishad A and Ahmadi, Mojtaba},
  journal={IEEE Access},
  volume={8},
  pages={84519--84531},
  year={2020},
  publisher={IEEE}
},
@article{roweis1996levenberg,
  title={Levenberg-marquardt optimization},
  author={Roweis, Sam},
  journal={Notes, University Of Toronto},
  volume={52},
  year={1996}
},
@article{yan2021adaptive,
  title={Adaptive Levenberg--Marquardt algorithm: A new optimization strategy for Levenberg--Marquardt neural networks},
  author={Yan, Zhiqi and Zhong, Shisheng and Lin, Lin and Cui, Zhiquan},
  journal={Mathematics},
  volume={9},
  number={17},
  pages={2176},
  year={2021},
  publisher={MDPI}
},
@article{huang2023optimization,
  title={Optimization of Levenberg Marquardt algorithm applied to nonlinear systems},
  author={Huang, Xinyi and Cao, Hao and Jia, Bingjing},
  journal={Processes},
  volume={11},
  number={6},
  pages={1794},
  year={2023},
  publisher={MDPI}
}
